

@article{lawler.ai2nbse,
        author = "H M Lawler and John J Rehr and Fernando Vila and S D Dalosto and Eric L Shirley and Z H Levine",
        title = "",
        journal = "Physical Review B",
        volume = "78",
        year = "2008",
        pages = "205108",
}



@article{shirley.obf,
        author = "Eric L Shirley",
        title = "",
        journal = "Physical Review B",
        volume = "54",
        year = "1996",
	pages = "16464",  
}


@article{shirley.bse-xas,
        author = "Eric L Shirley",
        title = "",
        journal = "Physical Review Letters",
        volume = "80",
        year = "1998",
        pages = "794",  
}


@article{shirley.more-bse,
        author = "J.~A.~Soininen and Eric L Shirley",
        title = "",
        journal = "Physical Review B",
        volume = "64",
        year = "2001",
        pages = "165112",  
}


@article{shirley.rutile,
        author = "Eric L Shirley",
        title = "",
        journal = "Journal of Electron Spectroscopy and Related Phenomena",
        volume = "136",
        year = "2004",
        pages = "77",  
}


@article{shirley.multiplets,
        author = "Eric L Shirley",
        title = "",
        journal = "Journal of Electron Spectroscopy and Related Phenomena",
        volume = "144-147",
        year = "2005",
        pages = "1187",  
}


@article{shirley.screening,
        author = "Eric L Shirley",
        title = "",
        journal = "Ultramicroscopy",
        volume = "106",
        year = "2006",
        pages = "986",  
}




@article{vinson.ocean,
        author = "J.~Vinson and J.~J.~Rehr and J.~J.~Kas and E.~L.~Shirley",
        title = "",
        journal = "Physical Review B",
        volume = "83",
        year = "2011",
        pages = "115106",  
}


@article{vinson.h2o,
        author = "J.~Vinson and  J.~J.~Kas and F.~D.~Vila and J.~J.~Rehr and E.~L.~Shirley",
        title = "",
        journal = "Physical Review B",
        volume = "85",
        year = "2012",
        pages = "045101",  
}


@article{vinson.metals,
        author = "J.~Vinson and J.~J.~Rehr",
        title = "",
        journal = "Physical Review B",
        volume = "86",
        year = "2012",
        pages = "195135",  
}


@article{vinson.vibronic,
        author = "J.~Vinson and J.~T.~Terrence and W.~T.~Elam and J.~D.~Denlinger",
        title = "",
        journal = "Physical Review B",
        volume = "90",
        year = "2014",
        pages = "205207",
}


@article{tinte.vibronic,
        author = "Silvia Tinte and Eric L Shirley",
        title = "",
        journal = "Journal of Physics: Condensed Matter",
        volume = "20",
        year = "2008",
        pages = "365221",
}


@article{gilmore.vibronic,
        author = "Keith Gilmore and Eric L Shirley",
        title = "",
        journal = "Journal of Physics: Condensed Matter",
        volume = "22",
        year = "2010",
        pages = "315901",
}


@article{prendergast.obf,
        author = "D.~Prendergast and S.~Louie",
        title = "",
        journal = "Physical Review B",
        volume = "80",
        year = "2009",
        pages = "235126",  
}


@article{kas.mpse,
        author = "J.~J.~Kas and A.~P.~Sorini and M.~P.~Prange and L.~W.~Cambell and J.~A.~Soininen  and J.~J.~Rehr",
        title = "",
        journal = "Physical Review B",
        volume = "76",
        year = "2007",
        pages = "195116",  
}


@unpublished{abinit0,
        OPTauthor = "",
        OPTtitle = "",
        note = "The {\sc abinit} code is a common project of the Universit\'{e} Catholique de Louvain, Corning Incorporated, and other contributors; \texttt{www.abinit.org}",
	OPTnote = "\texttt{www.abinit.org}",
}


@article{abinit1,
	OPTauthor = "X.~Gonze, B.~Amadon, P.~M.~Anglade, J.~-M.~Beuken, F.~Bottin, P.~Boulanger, F.~Bruneval, D.~Caliste, R.~Caracas, M.~Cote, T.~Deutsch, L.~Genovese, Ph.~Ghosez, M.~Giantomassi, S.~Goedecker, D.~Hamann, P.~Hermet, F.~Jollet, G.~Jomard, S.~Leroux, M.~Mancini, S.~Mazevet, M.~J.~T.~Oliveira, G.~Onida, Y.~Pouillon, T.~Rangel, G.~-M.~Rignanese, D.~Sangalli, R.~Shaltaf, M.~Torrent, M.~J.~Verstraete, G.~Z\'{e}rah, J.~W.~Zwanziger. ",
	author = "X.~Gonze and {\em et al.}",
        title = "",
        journal = "Computer Physics Communications",
        volume = "180",
        year = "2009",
        pages = "2582",  
}


@article{abinit2,
        author = "X.~Gonze and {\em et al.}",
        title = "",
        journal = "Zeitschrift fur Kristallographie",
        volume = "220",
        year = "2005",
        pages = "558",  
}


@article{abinit3,
        author = "X.~Gonze and {\em et al.}",
        title = "",
        journal = "Computational Materials Science",
        volume = "25",
        year = "2002",
        pages = "478",  
}


@article{espresso1,
        author = "P.~Giannozzi and {\em et al.}",
        title = "",
        journal = "Journal of Physics: Condensed Matter",
        volume = "21",
        year = "2009",
        pages = "395502",  
}


@article{espresso2,
        author = "Christos Gougoussis and Matteo Calandra and Ari P. Seitsonen and Francesco Mauri",
        title = "",
        journal = "Physical Review B",
        volume = "80",
        year = "2009",
        pages = "075102",
}


@book{degroot.book,
        author = "F.~de Groot and A.~Kotani",
        title = "Core Level Spectroscopy of Solids (Advances in Condensed Matter Science)",
        publisher = "CRC Press",
        address = "Boca Raton, FL",
        year = "2008",
}


@article{Shirley2006986,
title = "Local screening of a core hole: A real-space approach applied to hafnium oxide ",
journal = "Ultramicroscopy",
volume = "106",
number = "11-12",
pages = "986-993",
year = "2006",
issn = "0304-3991",
author = "Eric L. Shirley"
}

@article{PhysRevB.50.17953,
  author = {Bl\"ochl, P. E.},
  journal = {Physical Review B},
  volume = {50},
  issue = {24},
  pages = {17953--17979},
  numpages = {0},
  year = {1994},
  month = {Dec},
  publisher = {American Physical Society},
}

@article{Shirley200477,
journal = "Journal of Electron Spectroscopy and Related Phenomena",
volume = "136",
number = "1--2",
pages = "77 - 83",
year = "2004",
issn = "0368-2048",
author = "Eric L. Shirley"
}

@article{PhysRevB.90.205207,
  author = {Vinson, John and Jach, Terrence and Elam, W. T. and Denlinger, J. D.},
  journal = {Physical Review B},
  volume = {90},
  issue = {20},
  pages = {205207},
  numpages = {6},
  year = {2014},
  month = {Nov},
  publisher = {American Physical Society},
}

